@Inbook{Scheer2000,
author="Scheer, August-Wilhelm and N{\"u}ttgens, Markus",
editor="van der Aalst, Wil and Desel, J{\"o}rg and Oberweis, Andreas",
title="ARIS Architecture and Reference Models for Business Process Management",
bookTitle="Business Process Management: Models, Techniques, and Empirical Studies",
year="2000",
publisher="Springer Berlin Heidelberg",
address="Berlin, Heidelberg",
pages="376--389",
isbn="978-3-540-45594-3",
doi="10.1007/3-540-45594-9_24",
url="http://dx.doi.org/10.1007/3-540-45594-9_24"
}


@Inbook{Weske2012,
author="Weske, Mathias",
title="Business Process Management Architectures",
bookTitle="Business Process Management: Concepts, Languages, Architectures",
year="2012",
publisher="Springer Berlin Heidelberg",
address="Berlin, Heidelberg",
pages="333--371",
isbn="978-3-642-28616-2",
doi="10.1007/978-3-642-28616-2_7",
url="http://dx.doi.org/10.1007/978-3-642-28616-2_7"
}

@misc{
rails,
author = "Hartl, M.",
title = "{Ruby on Rails Tutorial (Rails 5), 4ª Edição}"
}

@misc{
java-history,
author = "Deitel, H.M.",
title = "{Java: como programar. 6ª edição. Pearson Prentice Hall, 2005.}"
}

@misc{
activiti-userguide,
title = "{Activiti User Guide}",
note = {\url{http://www.activiti.org/userguide}}
}

@misc{
tiobe,
title = "Tiobe",
note = {\url{http://www.tiobe.com/tiobe_index}}
}

@misc{
ruby-lang,
author = "Thomas, D. ; Hansson D. H.",
title = "{Desenvolvimento Web Ágil com Rails. 2ª Edição. Bookman, 2008. 680p}"
}

@misc{
redmine,
title= "Redmine",
note= {\url{http://www.redmine.org/projects/redmine/wiki}}
}

@misc{
redmine_themes,
title= "{Redmine Theme List}",
note= {\url{http://www.redmine.org/projects/redmine/wiki/Theme_List}}
}

@misc{
redmine31,
title= "Redmine 3.1",
note= {\url{http://www.redmine.org/news/100}}
}

@misc{
bpm,
title= "{BPM}",
note= {\url{http://www.gartner.com/it-glossary/business-process-management-bpm/}}
}

@misc{
bpmn,
title= "{BPMN}",
note= {\url{http://www.omg.org/bpm/#BPMN}}
}

@misc{
bpms,
title= "{BPMS}",
note= {\url{http://www.gartner.com/it-glossary/bpms-business-process-management-suite/}}
}

@misc{
bpmi,
title= "{BPMI}",
note= {\url{http://searchcio.techtarget.com/definition/Business-Process-Management-Initiative-BPMI}}
}


@misc{
bpmn20,
title= "{BPMN 2.0}",
note= {\url{http://www.omg.org/spec/BPMN/2.0/}}
}

@misc{
rest,
title= "{API REST}",
note= {\url{http://www.restapitutorial.com/}}
}

@misc{
xml,
title= "{XML}",
note= {\url{http://www.w3schools.com/xml/}}
}

@misc{
omg,
title= "{OMG}",
note= {\url{http://www.omg.org/}}
}

@misc{
csc,
title= "{CSC}",
note= {\url{http://www.visagio.com/blog/2012/08/entenda-melhor-a-diferenca-entre-um-csc-e-a-centralizacao-de-servicos/}}
}

@misc{
bpm_sap,
title= "{SAP NetWeaver BPM}",
note= {\url{http://scn.sap.com/people/arafat.farooqui/blog/2009/08/05/part-i-an-introduction-to-sap-netweaver-bpm}}
}

@misc{
bpm_oracle,
title= "Oracle {BPM}",
note= {\url{http://www.oracle.com/us/technologies/bpm/overview/index.html}}
}

@misc{
bpm_activiti,
title= "Activiti {BPM}",
note= {\url{http://activiti.org/}}
}

@misc{
bpm_bonita,
title= "Bonita {BPM}",
note= {\url{http://www.bonitasoft.com/}}
}

@misc{
bpm_intalio,
title= "Intalio {BPM}",
note= {\url{http://www.intalio.com/products/bpms/overview/}}
}

@misc{
bpm_jbpm,
title= "{jBPM}",
note= {\url{https://docs.jboss.org/jbpm/v6.2/userguide/}}
}

@book{jeston2014business,
  title={Business Process Management},
  author={Jeston, J. and Nelis, J.},
  isbn={9781136172977},
  url={https://books.google.com.br/books?id=HFupAgAAQBAJ},
  year={2014},
  publisher={Taylor \& Francis}
}

@article{
  bpm_tom_dwyer,
  author = {Dwyer, T.},
  title = {Strategic Adoption of BPM as a Management Discipline},
  journal = {BPMInstitute.org},
  howpublished = "\url{http://www.bpminstitute.org/resources/articles/strategic-adoption-bpm-management-discipline-0}",
}

@article{
  lalala,
  author = {BLICKENSTAFF, LOREN D. and MORRIS, JAMES M.},
  title = {Fatigue Fracture of the Femoral Neck},
  journal = {The Journal of Bone \& Joint Surgery},
  volume = {48},
  number = {6},
  pages = {1031-1047},
  year = {1966}
}

@misc{
  noticia_erro_walmart,
  author = {Xavier, L.},
  title = {Walmart erra preço de produto em site, cancela venda e irrita clientes},
  howpublished = {\url{http://oglobo.globo.com/economia/defesa-do-consumidor/walmart-erra-preco-de-produto-em-site-cancela-venda-irrita-clientes-11098550}},
  note = {Acessado em: 2016-06-25},
  year = {2013},
  month = {Dezembro}
}
%   date = {2013-12-17},

@misc{
  rails_rest_support,
  title = {Rails 2.0: It's done!},
  howpublished = {\url{http://weblog.rubyonrails.org/2007/12/7/rails-2-0-it-s-done}},
  year = {2007},
  month = {Dezembro},
  note = {Accessado em: 2016-06-25}
}
%   , date = {2007-12-07}

@misc{
  esb,
  title = {Enterprise Service Bus (ESB)},
  howpublished = {\url{http://searchsoa.techtarget.com/definition/enterprise-service-bus}},
  year= {2007},
  month = {Outubro},
  note = {Accessado em: 2016-06-25}
}

@misc{
activiti_github,
title= "{GitHub}",
note= {\url{https://github.com/activiti}}
}

@misc{
activiti_componentes,
title= "{Componentes do Activiti BPM}",
note= {\url{http://activiti.org/components.html}}
}

@misc{
db_h2,
title= "H2",
note= {\url{http://www.h2database.com/html/main.html}}
}

@misc{
db_mysql,
title= "{MySQL}",
note= {\url{https://www.mysql.com/}}
}

@misc{
db_oracle,
title= "Oracle",
note= {\url{https://www.oracle.com/database/index.html}}
}

@misc{
db_postgres,
title= "{PostgreSQL}",
note= {\url{https://www.postgresql.org/}}
}

@misc{
db_db2,
title= "{IBM DB2}",
note= {\url{http://www.ibm.com/analytics/us/en/technology/db2/}}
}

@misc{
db_sqlserver,
title= "{SQL Server}",
note= {\url{https://www.microsoft.com/pt-br/server-cloud/products/sql-server/}}
}

@misc{
activiti_download,
title= "{Activiti Download}",
note= {\url{http://activiti.org/download.html}}
}

@misc{
jar,
title= "{JAR} file",
note= {\url{https://docs.oracle.com/javase/tutorial/deployment/jar/basicsindex.html}}
}

@misc{
war,
title= "{WAR} file",
note= {\url{http://searchsoa.techtarget.com/answer/What-is-a-WAR-file}}
}

@misc{
apache_license,
title= "{Apache License}",
note= {\url{http://www.apache.org/licenses/LICENSE-2.0}}
}

@misc{
api,
title= "{API}",
note= {\url{http://www.webopedia.com/TERM/A/API.html}}
}

@misc{
h2_inmemory,
title= "{H2 In-Memory}",
note= {\url{http://www.h2database.com/html/features.html#in_memory_databases}}
}

@misc{
tomcat7,
title= "Tomcat 7",
note= {\url{https://tomcat.apache.org/tomcat-7.0-doc/index.html}}
}

@misc{
eclipse,
title= "Eclipse",
note= {\url{https://eclipse.org/}}
}

@misc{
activiti_designer,
title= "{Activiti Designer}",
note= {\url{https://eclipse.org/}}
}

@misc{
ide,
title= "{IDE}",
note= {\url{http://searchsoftwarequality.techtarget.com/definition/integrated-development-environment}}
}

@misc{
bpm_cbok,
author = {Association of Business Process Management Professionals},
title= "{BPM CBOK, 1ª Edição. 2013}",
note= {Disponível em \url{http://c.ymcdn.com/sites/www.abpmp.org/resource/resmgr/Docs/ABPMP_CBOK_Guide__Portuguese.pdf}}
}

@misc{
mule,
title= "{MuleSoft}",
note= {\url{https://www.mulesoft.com/}}
}

@misc{
mule_gartner,
author = {Tsidulko J.},
title= "{Here Are The 5 Leaders In Gartner's 2016 Magic Quadrant For Integration Platform-As-A-Service. CRN, 09/08/2016}",
note= {Disponível em: \url{http://www.crn.com/slide-shows/cloud/300080296/here-are-the-5-leaders-in-gartners-2016-magic-quadrant-for-integration-platform-as-a-service.htm/pgno/0/4}. Accessado em: 15 de jan. de 2017}
}

@misc{
oreilly_esb,
title= "{Introduction to the
Enterprise Service Bus. O'Reilly Media, 2004}",
note= {Disponível em: \url{ftp://ftp.oreilly.com/pub/summit/ch01.pdf}, Aceso em: 15 de jan. de 2017}
}

@misc{
visagio,
title= "Visagio",
note= {\url{http://www.visagio.com/pt/}}
}

@misc{
github_visagio,
title= "{GitHub Visagio}",
note= {\url{https://github.com/visagio/redmine_bpm_integration}}
}

@misc{
activiti_modeler,
title= "Activiti Modeler",
note= {\url{http://bpmn20inaction.blogspot.com.br/2012/09/activiti-modeler-getting-started-part-1.html}}
}

@misc{
tipos_eventos,
title= "Tipos de Eventos",
note= {\url{http://training-course-material.com/training/BPMN_2.0_Events}}
}

@misc{
tipos_atividades,
title= "Tipos de Atividades",
note= {\url{http://blog.goodelearning.com/bpmn/common-bpmn-modeling-mistakes-activities/}}
}

@misc{
tipos_decisoes,
title= "Tipos de Decisões",
note= {\url{http://training-course-material.com/index.php?title=BPMN_2.0_dla_Analitykow_Biznesowych&action=slide}}
}

@misc{
tipos_agrupadores,
title= "Tipos de Agrupadores",
note= {\url{http://kb.qpr.com/qpr2012_2/index.html?swimlanes.htm}}
}

@misc{
tipos_artefatos,
title= "Tipos de Artefatos",
note= {\url{https://www.gliffy.com/blog/2016/02/09/what-is-business-process-model-notation-bpmn/}}
}

@misc{
tipos_conectores,
title= "Tipos de Conectores",
note= {\url{https://en.wikipedia.org/wiki/File:Different_Types_of_BPMN_connections.png#/media/File:Different_Types_of_BPMN_connections.png}}
}

@misc{
artigo_relacionado_setor_publico,
title= "{Melhoria de Processos pelo BPM: aplicação no setor público}",
note= {\url{http://hdl.handle.net/10183/65643}}
}
